@online{IMG_Monopoly,
  author = {Monopolypedia.fr},
  title = {Le Monopoly en 2015},
  year = 2015,
  url = {http://www.monopolypedia.fr/univers/divers/monopoly-en-2015/monopoly-en-2015.php},
  urldate = {2017-02-25}
}

@online{IMG_Des,
  author = {villemin.gerard.free.fr},
  title = {jeu de dés, probabilité de gain},
  year = 2016,
  url = {http://villemin.gerard.free.fr/Wwwgvmm/Probabil/DesProba.htm},
  urldate = {2017-04-04}
}

@Book{IP,
  author =   {Charles M. Grinstead, J. Laurie Snell},
  title =    {Introduction to Probability},
  publisher =    {the American Mathematical Society},
  year =     2006
}


